<?xml version="1.0" encoding="UTF-8"?><record xmlns="http://www.loc.gov/MARC21/slim" xmlns:cinclude="http://apache.org/cocoon/include/1.0" xmlns:zs="http://www.loc.gov/zing/srw/">
  <leader>00442cz  a2200133n  4500</leader>
  <controlfield tag="001">n  85256139 </controlfield>
  <controlfield tag="003">DLC</controlfield>
  <controlfield tag="005">19950713135433.9</controlfield>
  <controlfield tag="008">861215n| acannaab|          |n aaa |||  </controlfield>
  <datafield tag="010" ind1=" " ind2=" ">
    <subfield code="a">n  85256139 </subfield>
  </datafield>
  <datafield tag="040" ind1=" " ind2=" ">
    <subfield code="a">DLC</subfield>
    <subfield code="c">DLC</subfield>
    <subfield code="d">DLC</subfield>
  </datafield>
  <datafield tag="100" ind1="1" ind2="0">
    <subfield code="a">Tilroe, Anna</subfield>
  </datafield>
  <datafield tag="670" ind1=" " ind2=" ">
    <subfield code="a">Her Lucassen, c1986:</subfield>
    <subfield code="b">t.p. (Anna Tilroe)</subfield>
  </datafield>
  <datafield tag="670" ind1=" " ind2=" ">
    <subfield code="a">Mestkever van de verbeelding, c1994:</subfield>
    <subfield code="b">t.p. (Anna Tilroe) p. 113 (b. 1946; docent Rijksakademie voor Beeldende Kunsten te Amsterdam)</subfield>
  </datafield>
</record>